<record><leader>00000cas a22000007a 4500</leader><controlfield tag="001">14263280</controlfield><controlfield tag="008">860925d1892189upauwr ne      0    0eng d</controlfield><datafield ind1=" " ind2=" " tag="010"><subfield code="a">sn 87080055 </subfield></datafield><datafield ind1=" " ind2=" " tag="040"><subfield code="a">NPH</subfield><subfield code="b">eng</subfield><subfield code="c">NPH</subfield><subfield code="d">OCLCQ</subfield></datafield><datafield ind1=" " ind2=" " tag="042"><subfield code="a">msc</subfield></datafield><datafield ind1="0" ind2=" " tag="130"><subfield code="a">People (Erie, Pa.)</subfield></datafield><datafield ind1="1" ind2="4" tag="245"><subfield code="a">The people.</subfield></datafield><datafield ind1=" " ind2=" " tag="260"><subfield code="a">Erie, Pa. :</subfield><subfield code="b">People Pub. Co.,</subfield><subfield code="c">1892-</subfield></datafield><datafield ind1=" " ind2=" " tag="300"><subfield code="a">v. :</subfield><subfield code="b">ill.</subfield></datafield><datafield ind1=" " ind2=" " tag="310"><subfield code="a">Weekly</subfield></datafield><datafield ind1="0" ind2=" " tag="362"><subfield code="a">Vol. 1, no. 1 (Oct. 1, 1892)-</subfield></datafield><datafield ind1=" " ind2=" " tag="550"><subfield code="a">Official organ of the Erie Central Labor Union and other Labor organizations &lt;Jan. 7, 1893-&gt; ; Erie Central Labor Union, the Industrial Council of Erie, and the Knights of Labor &lt;-1894&gt;.</subfield></datafield><datafield ind1="2" ind2=" " tag="710"><subfield code="a">Central Labor Union (Erie, Pa.)</subfield></datafield><datafield ind1="2" ind2=" " tag="710"><subfield code="a">Knights of Labor (Erie, Pa.)</subfield></datafield><datafield ind1="2" ind2=" " tag="710"><subfield code="a">Industrial Council of Erie (Pa.)</subfield></datafield><datafield ind1=" " ind2=" " tag="752"><subfield code="a">United States</subfield><subfield code="b">Pennsylvania</subfield><subfield code="c">Erie</subfield><subfield code="d">Erie.</subfield></datafield><datafield ind1="0" ind2="0" tag="785"><subfield code="t">Erie people</subfield><subfield code="w">(DLC)sn 87080056</subfield><subfield code="w">(OCoLC)14251988</subfield></datafield><datafield ind1="1" ind2=" " tag="029"><subfield code="a">AU@</subfield><subfield code="b">000025810840</subfield></datafield></record>